@book{Ray,
  title={Principles of Planetary Climate},
  author={Pierrehumbert, R T},
  isbn={9780521865562},
  year={2010},
  publisher={Cambridge University Press},
  keywords = {physics}
}

@online{Altimeter,
    author    = "Wikipedia",
    title     = "Pressure altimeter",
    url       = "https://en.wikipedia.org/wiki/Pressure_altimeter",
    addendum = "(accessed: 20.07.2025)",
}

@online{Radiosonde,
    author    = "Radiosonde Museum of North America",
    title     = "What is a Radiosonde?",
    url       = "https://radiosondemuseum.org/what-is-a-radiosonde/",
    addendum = "(accessed: 30.06.2025)",
}

@online{PhaseDiagramme,
    author    = "Wikipedia",
    title     = "Phase Transitions",
    url       = "https://en.wikipedia.org/wiki/Phase_transition#/media/File:Phase_diagram_of_water_simplified.svg",
    addendum = "(accessed: 30.06.2025)",
}

@book{Vallis,
  title={Atmospheric and oceanic fluid dynamics : fundamentals and large-scale circulation},
  author={Vallis, G K},
  isbn={9781107588417},
  year={2017},
  pages= "847",
  publisher={Cambridge University Press},
  keywords = {physics}
}


@article{Thompson,
    author =        "A F Thompson and A L Stewart and T Bischoff",
    title =         "A Multibasin Residual-Mean Model for the Global Overturning Circulation",
    journal =       "Journal of Physical Oceanography",
    volume =        "46",
    issue =         "9",
    pages =         "2583--2604",
    year =         "2016",
    DOI =           "https://doi.org/10.1175/JPO-D-15-0204.1"
}

@misc{AUTO07p,
    author =        "E J Doedel and B E Oldeman",
    title =         "AUTO-07P: Continuation and bifurcation software for ordinary differential equations. Concordia University, Montreal, Concordia university edition.",
    journal =       "Concordia University, Montreal, Concordia university edition",
    year =         "2009"
}

@article{Stommel,
    author =        "H Stommel",
    title =         "Thermohaline Convection with Two Stable Regimes of Flow",
    journal =       "Tellus",
    volume =        "13",
    issue =         "2",
    pages =         "224-230",
    year =         "1961",
    DOI =           "https://doi.org/10.1111/j.2153-3490.1961.tb00079.x"
}

@article{G&M,
    author =        "P R Gent and J C McWilliams",
    title =         "Isopycnal Mixing in Ocean Circulation Models",
    journal =       "Journal of Physical Oceanography",
    volume =        "20",
    issue =         "1",
    pages =         "150--155",
    year =         "1990",
    DOI =           "https://doi.org/10.1175/1520-0485(1990)020%3C0150:IMIOCM%3E2.0.CO;2"
}

@article{AB3,
    author =        "D R Durran",
    title =         "The Third-Order Adams-Bashforth Method: An Attractive Alternative to Leapfrog Time Differencing",
    journal =       "Monthly Weather Review",
    volume =        "119",
    issue =         "3",
    pages =         "702--720",
    year =         "1991",
    DOI =           "https://doi.org/10.1175/1520-0493(1991)119%3C0702:TTOABM%3E2.0.CO;2"
}

@article{Dijkstra,
    author =        "H A Dijkstra",
    title =         "The role of conceptual models in climate research",
    journal =       "Physica D: Nonlinear Phenomena",
    volume =        "457",
    year =         "2024",
    DOI =           "https://doi.org/10.1016/j.physd.2023.133984"
}

@article{J07,
    author =        "H L Johnson and D P Marshall and D A J Sproson",
    title =         "Reconciling theories of a mechanically driven meridional overturning circulation with thermohaline forcing and multiple equilibria",
    journal =       "Climate Dynamics",
    volume =        "29",
    pages =        "821--836",
    year =         "2007",
    DOI =           "https://doi.org/10.1007/s00382-007-0262-9"
}

@article{S&H,
    author =        "C Shakespeare and A Hogg",
    title =         "An analytical model of the response of the meridional overturning circulation to changes in wind and buoyancy forcing",
    journal =       "Journal of Physical Oceanography",
    volume =        "42",
    number =        "8",
    pages =        "1270--1287",
    year =         "2012",
    DOI =           "https://doi.org/10.1175/JPO-D-11-0198.19"
}

@article{M&Z,
    author =        "D P Marshall and L Zanna",
    title =         "An analytical model of the response of the meridional overturning circulation to changes in wind and buoyancy forcing",
    journal =       "Journal of Climate",
    volume =        "27",
    pages =        "8444--8465",
    year =         "2014",
    DOI =           "https://doi.org/10.1175/JCLI-D-13-00344.1"
}

@article{N&V12,
    author =        "M Nikurashin and G Vallis",
    title =         "A Theory of the Interhemispheric Meridional Overturning Circulation and Associated Stratification",
    journal =       "Journal of Physical Oceanography",
    volume =        "42",
    pages =        "1652--1667",
    year =         "2012",
    DOI =           "https://doi.org/10.1175/JPO-D-11-0189.1"
}


@article{Cimatoribus12,
    author = "A A Cimatoribus and S S Drijfhout and H A Dijkstra",
    title = "Meridional overturning circulation: stability and ocean feedbacks in a box model",
    journal = "Climate Dynamics",
    volume = "42",
    pages = "311--328",
    year = "2012",
    DOI = "https://doi.org/10.1007/s00382-012-1576-9"
}

@article{Katavouta,
    author = "A Katavouta AND R G Williams",
    title = "The Effect of Ocean Ventilation on the Transient Climate Response to Emissions",
    journal = "Journal of Climate",
    volume = "32",
    issue = "16",
    pages = "5085--5105",
    year = "2019",
    DOI = "https://doi.org/10.1175/JCLI-D-18-0829.1"
}

@article{Gnanadesikan18,
    author = "A Gnanadesikan and R Kelson and M Stena",
    title = "Flux Correction and Overturning Stability: Insights from a Dynamical Box Model",
    journal = "Journal of Climate",
    volume = "31",
    issue = "22",
    pages = "9335--9350",
    year = "2018",
    DOI = "https://doi.org/10.1175/JCLI-D-18-0388.1"
}

@article{L&F,
    author = "A Levermann and J J Fürst",
    title = "Atlantic pycnocline theory scrutinized using a coupled climate model",
    journal = "Geophysical Research Letters",
    volume = "37",
    issue = "14",
    pages = "L14602",
    year = "2010",
    DOI = "https://doi.org/10.1029/2010GL044180"
}

@article{G99,
    author = "A Gnanadesikan",
    title = "A Simple Predictive Model for the Structure of the Oceanic Pycnocline",
    journal = "Science",
    volume = "283",
    issue = "5410",
    pages = "2077--2079",
    year = "1999",
    DOI = "https://doi.org/10.1126/science.283.5410.2077"
}

@article{dB10,
    author = "A M de Boer and A Gnanadesikan and N R Edwards and A J Watson",
    title = "Meridional Density Gradients Do Not Control the Atlantic Overturning Circulation",
    journal = "Journal of Physical Oceanography",
    volume = "40",
    issue = "2",
    pages = "368--380",
    year = "2010",
    DOI = "https://doi.org/10.1175/2009JPO4200.1"
}

@article{Gnanadesikanet.al.2024,
    author = "A Gnanadesikan and G Fabiani and J Liu and R Gelderloos and G J Brett and Y Kevrekidis and T Haine and M A Pradal and C Siettos and J Sleeman",
    title = "Tipping Points in Overturning Circulation Mediated by Ocean Mixing and the Configuration and Magnitude of the Hydrological Cycle: A Simple Model",
    journal = "Journal of Physical Oceanography",
    volume = "54",
    issue = "7",
    pages = "1389--1409",
    year = "2024",
    DOI = "https://doi.org/10.1175/JPO-D-23-0161.1"
}

@article{N15,
    author = "J Nycander and M Hieronymus and F Roquet",
    title = "The nonlinear equation of state of sea water and the global water mass distribution",
    journal = "Geophysical Research Letters",
    volume = "42",
    pages = "7714--7721",
    year = "2015",
    DOI = "https://doi.org/10.1002/2015GL065525"
}

@article{L&S,
    author = "R Lumpkin and K Speer",
    title = "Global Ocean Meridional Overturning",
    journal = "Journal of Physical Oceanography",
    volume = "37",
    issue = "10",
    pages = "2550--2562",
    year = "2007",
    DOI = "https://doi.org/10.1175/JPO3130.1"
}

@article{N&J19,
    author = "M F Jansen and L P Nadeau",
    title = "A Toy Model for the Response of the Residual Overturning Circulation to Surface Warming",
    journal = "Journal of Physical Oceanography",
    volume = "49",
    issue = "5",
    pages = "1249--1268 ",
    year = "2019",
    DOI = "https://doi.org/10.1175/JPO-D-18-0187.1"
}

@article{N&J,
    author = "L P Nadeau and M F Jansen",
    title = "Overturning Circulation Pathways in a Two-Basin Ocean Model",
    journal = "Journal of Physical Oceanography",
    volume = "50",
    issue = "8",
    pages = "2105--2122",
    year = "2020",
    DOI = "https://doi.org/10.1175/JPO-D-20-0034.1"
}

@article{T2016,
    author = "A F Thompson and A L Stewart and T Bischoff",
    title = "A Multibasin Residual-Mean Model for the Global Overturning Circulation",
    journal = "Journal of Physical Oceanography",
    volume = "46",
    issue = "9",
    pages = "2583--2604",
    year = "2016",
    DOI = "https://doi.org/10.1175/JPO-D-15-0204.1"
}

@article{L10,
    author = "L C Allison and H L Johnson and D P Marshall and D R Munday",
    title = "Where do winds drive the Antarctic Circumpolar Current?",
    journal = "Geophysical Research Letters",
    volume = "37",
    issue = "L12605",
    year = "2010",
    DOI = "https://doi.org/10.1029/2010GL043355"
}

@article{F17,
    author = "R Ferrari and L P Nadeau and D P Marshall and L C Allison and H L Johnson",
    title = "A Model of the Ocean Overturning Circulation with Two Closed Basins and a Reentrant Channel",
    journal = "Journal of Physical Oceanography",
    volume = "47",
    issue = "12",
    pages = "2887--2906",
    year = "2017",
    DOI = "https://doi.org/10.1175/JPO-D-16-0223.1"
}

@article{F&L,
    author = "J J Fürst and A Levermann",
    title = "A minimal model for wind- and mixing-driven overturning: threshold behavior for both driving mechanisms",
    journal = "Climate Dynamics",
    volume = "38",
    pages = "239–-260",
    year = "2011",
    DOI = "https://doi.org/10.1007/s00382-011-1003-7"
}



@book{Strogatz,
  title={Nonlinear Dynamics and Chaos: With Applications to Physics, Biology, Chemistry, and Engineering},
  author={S H Strogatz},
  isbn={978-0-8133-4911-4},
  year={2015},
  publisher={Westview Press},
}



@book{EOS10,
  title     = {Getting started with TEOS-10 and the Gibbs Seawater (GSW) Oceanographic Toolbox},
  author    = {T J McDougall and P M Barker},
  isbn      = {978-0-646-55621-5},
  year      = {2011},
  pages     = {28},
  publisher = {SCOR/IAPSO WG127},
}

@book{dirac,
  title={The Principles of Quantum Mechanics},
  author={Paul Adrien Maurice Dirac},
  isbn={9780198520115},
  series={International series of monographs on physics},
  year={1981},
  publisher={Clarendon Press},
  keywords = {physics}
}
 
@online{knuthwebsite,
    author    = "Donald Knuth",
    title     = "Knuth: Computers and Typesetting",
    url       = "http://www-cs-faculty.stanford.edu/~uno/abcde.html",
    addendum = "(accessed: 01.09.2016)",
    keywords  = "latex,knuth"
}

@inbook{knuth-fa,
   author = "Donald E. Knuth",
   title = "Fundamental Algorithms",
   publisher = "Addison-Wesley",
   year = "1973",
   chapter = "1.2",
   keywords  = "knuth,programming"
}

@book{knuth-acp,
   author = "Donald E. Knuth",
   publisher = "Addison-Wesley",
   title = "The Art of Computer Programming",
   series = "Four volumes",
   year = "1968",
   note = "Seven volumes planned",
   keywords  = "knuth,programming"
}